@ARTICLE{mrs:uvdar,
  author={Walter, Viktor and Staub, Nicolas and Franchi, Antonio and Saska, Martin},
  journal={IEEE Robotics and Automation Letters}, 
  title={UVDAR System for Visual Relative Localization With Application to Leaderâ€“Follower Formations of Multirotor UAVs}, 
  year={2019},
  volume={4},
  number={3},
  pages={2637-2644},
  doi={10.1109/LRA.2019.2901683}}

@manual{qorvo:aps011,
    organization  = "Decawave",
    title         = "A Sources of error in DW1000 based two-way ranging scheme APS011",
    number        = "TJA1043",
    howpublished = "\url{https://www.qorvo.com/products/d/da008446}",
    year          =  2014,
    note          = "Version 1.1"
}